@inproceedings{russell:19,
  author    = {Russell, Chris},
  title     = {Efficient Search for Diverse Coherent Explanations},
  booktitle = {Conference on Fairness, Accountability, and Transparency},
  year      = {2019}, 
  pages     = {20--28},
}
